<record><leader>00000cas a22000007a 4500</leader><controlfield tag="001">11647960</controlfield><controlfield tag="008">850201d18731874wiuwr ne      0    0eng d</controlfield><datafield ind1=" " ind2=" " tag="010"><subfield code="a">sn 85033074 </subfield></datafield><datafield ind1=" " ind2=" " tag="040"><subfield code="a">NPU</subfield><subfield code="b">eng</subfield><subfield code="c">NPU</subfield><subfield code="d">NPV</subfield><subfield code="d">MGN</subfield><subfield code="d">OCLCQ</subfield></datafield><datafield ind1=" " ind2=" " tag="042"><subfield code="a">msc</subfield></datafield><datafield ind1="0" ind2="0" tag="245"><subfield code="a">Journal &amp; record.</subfield></datafield><datafield ind1="3" ind2="0" tag="246"><subfield code="a">Journal and record</subfield></datafield><datafield ind1=" " ind2=" " tag="260"><subfield code="a">Galesville, Wis. :</subfield><subfield code="b">Bunn &amp; Luce,</subfield><subfield code="c">1873-1874.</subfield></datafield><datafield ind1=" " ind2=" " tag="300"><subfield code="a">3 v. ;</subfield><subfield code="c">60 cm.</subfield></datafield><datafield ind1=" " ind2=" " tag="310"><subfield code="a">Weekly</subfield></datafield><datafield ind1="0" ind2=" " tag="362"><subfield code="a">Vol. 13, no. 33 (Jan. 23, 1873)-v. 15, no. 8 (Aug. 7, 1874).</subfield></datafield><datafield ind1=" " ind2=" " tag="500"><subfield code="a">Publisher varies.</subfield></datafield><datafield ind1=" " ind2=" " tag="500"><subfield code="a">Title varies slightly.</subfield></datafield><datafield ind1=" " ind2=" " tag="752"><subfield code="a">United States</subfield><subfield code="b">Wisconsin</subfield><subfield code="c">Trempealeau</subfield><subfield code="d">Galesville.</subfield></datafield><datafield ind1="0" ind2="4" tag="780"><subfield code="t">Trempealeau County record</subfield><subfield code="w">(DLC)sn 85040429</subfield></datafield><datafield ind1="0" ind2="4" tag="780"><subfield code="t">Galesville journal</subfield><subfield code="w">(DLC)sn 85040571</subfield></datafield><datafield ind1="0" ind2="0" tag="785"><subfield code="t">Trempealeau County messenger and journal and record</subfield><subfield code="w">(DLC)sn 95068819</subfield></datafield></record>